@misc{sphinx_doc,
	title = {Welcome — {Sphinx} documentation},
	url = {https://www.sphinx-doc.org/en/master/#},
	urldate = {2022-08-14},
	file = {Welcome — Sphinx documentation:C\:\\Users\\lecou\\Zotero\\storage\\GWDUEG9D\\master.html:text/html},
	keywords={doc},
}

@misc{doxygen_doc,
	title = {Doxygen: {Doxygen}},
	url = {https://doxygen.nl/index.html},
	urldate = {2022-08-14},
	file = {Doxygen\: Doxygen:C\:\\Users\\lecou\\Zotero\\storage\\HGXXCYPU\\index.html:text/html},
	keywords={doc},
}

@misc{antora_doc,
	title = {Antora {Documentation} : {Antora} {Docs}},
	url = {https://docs.antora.org/antora/latest/},
	urldate = {2022-08-14},
	file = {Antora Documentation \:\: Antora Docs:C\:\\Users\\lecou\\Zotero\\storage\\4CLJ8KIH\\latest.html:text/html},
	keywords={doc},
}

@misc{cmake_preset,
	title = {cmake-presets(7) — {CMake} 3.24.0 {Documentation}},
	url = {https://cmake.org/cmake/help/latest/manual/cmake-presets.7.html#test-preset},
	urldate = {2022-08-14},
	file = {cmake-presets(7) — CMake 3.24.0 Documentation:C\:\\Users\\lecou\\Zotero\\storage\\EU2DA3ER\\cmake-presets.7.html:text/html},
	keywords={doc},
}

@misc{feelpp_laplacian,
	title = {Laplacian : {Feel}++ {Docs}},
	url = {https://docs.feelpp.org/user/latest/cpp/laplacian.html},
	urldate = {2022-08-14},
	file = {Laplacian \:\: Feel++ Docs:C\:\\Users\\lecou\\Zotero\\storage\\MX7JCP2A\\laplacian.html:text/html},
	keywords={doc},
}



@online{eigen_doc,
	title = {Eigen: Getting started},
	url = {https://eigen.tuxfamily.org/dox/GettingStarted.html},
	urldate = {2022-08-17},
	file = {Eigen\: Getting started:C\:\\Users\\lecou\\Zotero\\storage\\Q2JMH4MA\\GettingStarted.html:text/html},
	keywords={doc},
}

@online{feelpp_doc,
	title = {Feel++ documentation :: Feel++ Docs},
	url = {https://docs.feelpp.org/feelpp/0.109/index.html},
	urldate = {2022-08-17},
	file = {Feel++ documentation \:\: Feel++ Docs:C\:\\Users\\lecou\\Zotero\\storage\\WT4BVGX3\\index.html:text/html},
	keywords={doc},
}

