@misc{stockie_laboratory_nodate,
	title = {Laboratory \#6: {A} {Simple} {Model} of the {Unpredictability} of {Weather}: {The} {Lorenz} {Equations}},
	volume = {1},
	language = {en},
	author = {Stockie, John and Wong, Ken},
	pages = {13},
	howpublished={\url{https://ftp.emc.ncep.noaa.gov/mmb/sref/Doc/lorenz_fcst.pdf}},
	file = {Stockie et Wong - Laboratory #6 A Simple Model of the Unpredictabil.pdf:C\:\\Users\\lecou\\Zotero\\storage\\W6RPY6JQ\\Stockie et Wong - Laboratory #6 A Simple Model of the Unpredictabil.pdf:application/pdf},
}

@misc{lecture6,
	title = {{THREE} {DIMENSIONAL} {SYSTEMS}, {Lecture} 6 : {The} {Lorenz} {Equations}},
	url = {https://www2.physics.ox.ac.uk/sites/default/files/profiles/read/lect6-43147.pdf},
	howpublished={\url{https://www2.physics.ox.ac.uk/sites/default/files/profiles/read/lect6-43147.pdf}},
	urldate = {2022-04-03},
	file = {lect6-43147.pdf:C\:\\Users\\lecou\\Zotero\\storage\\J89MQ43H\\lect6-43147.pdf:application/pdf},
}

@misc{noauthor_three_nodate,
	title = {The Lorenz 63 model and its relevance to data assimilation},
	url = {https://docs.dart.ucar.edu/en/latest/guide/lorenz-63-model.html},
	author={University Corporation for Atmospheric Research},
	howpublished={\url{https://docs.dart.ucar.edu/en/latest/guide/lorenz-63-model.html}},
	urldate = {2022-04-03},
}

