@misc{partie1_ref1,
	title = {The {Lorenz} 63 model and its relevance to data assimilation},
	url = {https://docs.dart.ucar.edu/en/latest/guide/lorenz-63-model.html},
	urldate = {2022-04-03},
	author={University Corporation for Atmospheric Research},
	howpublished={\url{https://docs.dart.ucar.edu/en/latest/guide/lorenz-63-model.html}},
}

@misc{partie1_ref2,
	title = {{THREE} {DIMENSIONAL} {SYSTEMS}, {Lecture} 6 : {The} {Lorenz} {Equations}},
	url = {https://www2.physics.ox.ac.uk/sites/default/files/profiles/read/lect6-43147.pdf},
	urldate = {2022-04-03},
	howpublished={\url{https://www2.physics.ox.ac.uk/sites/default/files/profiles/read/lect6-43147.pdf}},
	file = {lect6-43147.pdf:C\:\\Users\\lecou\\Zotero\\storage\\J89MQ43H\\lect6-43147.pdf:application/pdf},
}

@misc{partie1_ref3,
	title = {Laboratory \#6: {A} {Simple} {Model} of the {Unpredictability} of {Weather}: {The} {Lorenz} {Equations}},
	volume = {1},
	language = {en},
	author = {Stockie, John and Wong, Ken},
	pages = {13},
	howpublished={\url{https://ftp.emc.ncep.noaa.gov/mmb/sref/Doc/lorenz_fcst.pdf}},
	file = {Stockie et Wong - Laboratory #6 A Simple Model of the Unpredictabil.pdf:C\:\\Users\\lecou\\Zotero\\storage\\W6RPY6JQ\\Stockie et Wong - Laboratory #6 A Simple Model of the Unpredictabil.pdf:application/pdf},
}

@misc{partie2_ref1,
	title = {Parareal},
	copyright = {Creative Commons Attribution-ShareAlike License},
	url = {https://en.wikipedia.org/w/index.php?title=Parareal&oldid=1047894968},
	howpublished={\url{https://en.wikipedia.org/w/index.php?title=Parareal&oldid=1047894968}},
	abstract = {Parareal is a parallel algorithm from numerical analysis and used for the solution of initial value problems.
It was introduced in 2001 by Lions, Maday and Turinici. Since then, it has become one of the most widely studied parallel-in-time integration methods.},
	language = {en},
	urldate = {2022-05-22},
	journal = {Wikipedia},
	month = oct,
	year = {2021},
	note = {Page Version ID: 1047894968},
	file = {Snapshot:C\:\\Users\\lecou\\Zotero\\storage\\ZHEU6R4Y\\Parareal.html:text/html},
}

@misc{partie2_ref2,
	title = {Résolution d'{EDP} par un schéma en temps pararéel},
	volume = {332},
	issn = {07644442},
	url = {https://linkinghub.elsevier.com/retrieve/pii/S0764444200017936},
	howpublished={\url{https://linkinghub.elsevier.com/retrieve/pii/S0764444200017936}},
	doi = {10.1016/S0764-4442(00)01793-6},
	language = {en},
	number = {7},
	urldate = {2022-05-22},
	journal = {Comptes Rendus de l'Académie des Sciences - Series I - Mathematics},
	author = {Lions, Jacques-Louis and Maday, Yvon and Turinici, Gabriel},
	month = apr,
	year = {2001},
	pages = {661--668},
	file = {Lions et al. - 2001 - Résolution d'EDP par un schéma en temps «pararéel .pdf:C\:\\Users\\lecou\\Zotero\\storage\\74A3HI7Z\\Lions et al. - 2001 - Résolution d'EDP par un schéma en temps «pararéel .pdf:application/pdf},
}

@misc{partie2_ref3,
	address = {Stirlingshire, UK},
	title = {The '{Parareal} in {Time}' {Algorithm}},
	volume = {24},
	isbn = {978-1-874672-33-3},
	url = {http://www.ctresources.info/csets/chapter.html?id=403},
	howpublished={\url{http://www.ctresources.info/csets/chapter.html?id=403}},
	abstract = {In this paper we present the current status of a method, ﬁrst introduced in 2001 authored by J.-L. Lions, Y. Maday and G. Turinici that allows for parallization in time for the simulation of systems of Ordinary Differential Equations or time dependent partial differential equations. Following the same strategy as the one that is used in domain decomposition methods for solving elliptic problems that consists in breaking the domain of computation into subdomains (with overlap or without) and solving iteratively over each subdomain independently using different processors, the “parareal in time” method proposes to break the global problem of time evolution into a series of independent evolution problems on smaller time intervals.},
	language = {en},
	urldate = {2022-05-22},
	booktitle = {Computational {Science}, {Engineering} \& {Technology} {Series}},
	publisher = {Saxe-Coburg Publications},
	author = {Maday, Y.},
	editor = {Magoulès, F.},
	month = may,
	year = {2010},
	doi = {10.4203/csets.24.2},
	pages = {19--44},
	file = {Maday - 2010 - The 'Parareal in Time' Algorithm.pdf:C\:\\Users\\lecou\\Zotero\\storage\\5JYJYTXK\\Maday - 2010 - The 'Parareal in Time' Algorithm.pdf:application/pdf},
}

@misc{partie3_ref1,
	title = {Introduction to {Data} {Assimilation}},
	howpublished={\url{https://team.inria.fr/airsea/files/2012/03/Nodet_Intro_DataAssimilation.pdf}},
	language = {en},
	author = {Nodet, Maëlle},
	pages = {46},
	file = {Nodet - Introduction to Data Assimilation.pdf:C\:\\Users\\lecou\\Zotero\\storage\\48W3L4TD\\Nodet - Introduction to Data Assimilation.pdf:application/pdf},
}

@misc{partie3_ref2,
	title = {An introduction to data assimilation},
	howpublished={\url{https://www.eccorev.fr/IMG/pdf/Assimilationdonnees_EBlayo.pdf}},
	language = {en},
	journal = {Data assimilation},
	author = {Blayo, Eric},
	pages = {79},
	file = {Blayo - An introduction to data assimilation.pdf:C\:\\Users\\lecou\\Zotero\\storage\\BZRZVXSX\\Blayo - An introduction to data assimilation.pdf:application/pdf},
}

@misc{partie3_ref3,
	title = {Data {Assimilation} training course @ {CEMRACS}  {Introduction} and variational algorithms},
	howpublished={\url{http://smai.emath.fr/cemracs/cemracs16/images/DA_Ricci_CEMRACS2016.pdf}},
	language = {en},
	author = {Ricci, S},
	pages = {102},
	file = {Ricci - Data Assimilation training course @ CEMRACS  Intro.pdf:C\:\\Users\\lecou\\Zotero\\storage\\VJP87PES\\Ricci - Data Assimilation training course @ CEMRACS  Intro.pdf:application/pdf},
}
